
@book{murphy_introduction_2007,
	address = {Dubuque, IA},
	series = {{McGraw}-{Hill} chemical engineering series},
	title = {Introduction to chemical processes: principles, analysis, synthesis},
	isbn = {978-0-07-284960-8},
	shorttitle = {Introduction to chemical processes},
	language = {English},
	publisher = {McGraw-Hill},
	author = {Murphy, Regina M.},
	year = {2007},
	keywords = {Chemical processes, Textbooks},
}

@book{towler_chemical_2013,
	address = {Boston, MA},
	edition = {2nd ed},
	title = {Chemical engineering design: principles, practice, and economics of plant and process design},
	isbn = {978-0-08-096659-5},
	shorttitle = {Chemical engineering design},
	language = {English},
	publisher = {Butterworth-Heinemann},
	author = {Towler, Gavin P. and Sinnott, R. K.},
	year = {2013},
	keywords = {Chemical engineering},
	annote = {Includes index},
	annote = {Machine generated contents note: Part I: Process Design Chapter 1 Introduction to Design Chapter 2 Process Flowsheet Development Chapter 3 Utilities and Energy Efficient Design Chapter 4 Process Simulation Chapter 5 Instrumentation and Process Control Chapter 6 Materials of Construction Chapter 7 Capital Cost Estimating Chapter 8 Estimating Revenues and Production Costs Chapter 9 Economic Evaluation of Projects Chapter 10 Safety and Loss Prevention Chapter 11 General Site Considerations Chapter 12 Optimization in Design Part II: Plant Design Chapter 13 Equipment Selection, Specification and Design Chapter 14 Design of Pressure Vessels Chapter 15 Design of Reactors and Mixers Chapter 16 Separation of Fluids Chapter 17 Separation Columns (Distillation, Absorption and Extraction) Chapter 18 Specification and Design of Solids-Handling Equipment Chapter 19 Heat Transfer Equipment Chapter 20 Transport and Storage of Fluids},
}

@misc{martinez_basterrechea_iq3311_2021,
	address = {Santiago, Chile},
	type = {Curso {Departamento} de {Ingeniería} {Química}, {Biotecnología} y {Materiales}},
	title = {{IQ3311} {Análisis} de {Procesos}},
	language = {Español},
	author = {Martínez Basterrechea, Irene and Cardenas, Andres and Sepúlveda Acuña, David M. and Espinosa Gómez, Dominga and Mery D., Francisca and Rojas F., Javier},
	month = mar,
	year = {2021},
	annote = {Facultad de Ciencias Físicas y Matemáticas, Universidad de Chile},
}

@misc{nave_pvt_2017,
	type = {Educational},
	title = {{PvT} {Surface} for a {Substance} which {Expands} {Upon} {Freezing}},
	url = {http://hyperphysics.phy-astr.gsu.edu/hbase/thermo/pvtexp.html#c1},
	language = {English},
	urldate = {2021-04-30},
	journal = {HyperPhysics},
	author = {Nave, C.R.},
	year = {2017},
	file = {PvT Surface:C\:\\Users\\juans\\Zotero\\storage\\I43RLQBA\\pvtexp.html:text/html},
}

@book{cengel_termodinamica_2012,
	address = {México, D.F.},
	edition = {Séptima},
	title = {Termodinámica},
	isbn = {978-607-15-0743-3},
	language = {Español},
	publisher = {McGraw-Hill/Interamericana Editores, S.A. de C.V.},
	author = {Çengel, Yunus A. and Boles, Michael A.},
	year = {2012},
}

@book{himmelblau_principios_1997,
	address = {México},
	title = {Principios básicos y cálculos en ingeniería química},
	isbn = {978-968-880-802-3},
	language = {English},
	publisher = {Prentice Hall-Hispanoamericana},
	author = {Himmelblau, David M and Riggs, James B},
	year = {1997},
	note = {OCLC: 879837208},
}

@book{perry_perrys_1963,
	address = {New York; London},
	title = {Perry's chemical engineers' handbook},
	language = {English},
	publisher = {McGraw-Hill},
	author = {Perry, Robert H and Chilton, Cecil H and Kirkpatrick, Sidney D},
	year = {1963},
	note = {OCLC: 502370593},
}

@misc{martinez_salas_transformacion_2013,
	title = {La {Transformación} de la {Energia}},
	url = {https://www.eoi.es/blogs/victormartinezsalas/2013/11/19/la-transformacion-de-la-energia/},
	language = {Español},
	urldate = {2021-06-04},
	journal = {Víctor Martínez Salas},
	author = {Martínez Salas, Víctor},
	month = nov,
	year = {2013},
	file = {Snapshot:C\:\\Users\\juans\\Zotero\\storage\\APFNEL39\\la-transformacion-de-la-energia.html:text/html},
}
